<record><leader>00000cas a22000007a 4500</leader><controlfield tag="001">25224791</controlfield><controlfield tag="008">920206d19021909wyuwr ne      0    0eng d</controlfield><datafield ind1=" " ind2=" " tag="010"><subfield code="a">sn 92066922 </subfield></datafield><datafield ind1=" " ind2=" " tag="040"><subfield code="a">NVO</subfield><subfield code="b">eng</subfield><subfield code="c">NVO</subfield><subfield code="d">OCLCQ</subfield></datafield><datafield ind1=" " ind2=" " tag="042"><subfield code="a">msc</subfield></datafield><datafield ind1="0" ind2="4" tag="245"><subfield code="a">The Wyoming stockgrower and farmer.</subfield></datafield><datafield ind1="1" ind2="3" tag="246"><subfield code="a">Stockgrower and farmer</subfield><subfield code="f">&lt;May 3, 1905&gt;-July 16, 1909</subfield></datafield><datafield ind1=" " ind2=" " tag="260"><subfield code="a">Cody, Wyo. :</subfield><subfield code="b">J.K. Calkins</subfield></datafield><datafield ind1=" " ind2=" " tag="300"><subfield code="a">v.</subfield></datafield><datafield ind1=" " ind2=" " tag="310"><subfield code="a">Weekly</subfield></datafield><datafield ind1="1" ind2=" " tag="362"><subfield code="a">Began in 1902.</subfield></datafield><datafield ind1="0" ind2=" " tag="362"><subfield code="a">-v. 7, no. 43 (July 16, 1909).</subfield></datafield><datafield ind1=" " ind2=" " tag="588"><subfield code="a">Description based on: Vol. 1, no. 11 (Dec. 9, 1902).</subfield></datafield><datafield ind1=" " ind2="4" tag="651"><subfield code="a">Cody (Wyo.)</subfield><subfield code="v">Newspapers.</subfield></datafield><datafield ind1=" " ind2="4" tag="651"><subfield code="a">Park County (Wyo.)</subfield><subfield code="v">Newspapers.</subfield></datafield><datafield ind1=" " ind2=" " tag="752"><subfield code="a">United States</subfield><subfield code="b">Wyoming</subfield><subfield code="c">Park</subfield><subfield code="d">Cody.</subfield></datafield><datafield ind1="0" ind2="0" tag="780"><subfield code="t">Stockgrower and farmer (Cody, Wyo. : 1902)</subfield><subfield code="w">(DLC)sn 92066921</subfield></datafield><datafield ind1="0" ind2="0" tag="785"><subfield code="t">Stockgrower and farmer (Cody, Wyo. : 1909)</subfield><subfield code="w">(DLC)sn 92066923</subfield></datafield><datafield ind1="1" ind2=" " tag="029"><subfield code="a">AU@</subfield><subfield code="b">000025909044</subfield></datafield></record>